<?xml version="1.0" encoding="UTF-8"?><collection xmlns="http://www.loc.gov/MARC21/slim"><record><leader>00389nam--2200133-i-4500</leader><controlfield tag="001">000040393</controlfield><controlfield tag="002">20161230</controlfield><controlfield tag="005">20161230201042</controlfield><controlfield tag="008">060222s1000------------r-----000-0-eng-d</controlfield><datafield ind1=" " ind2=" " tag="080"><subfield code="a">550.34(048.85)=03.82=590</subfield></datafield><datafield ind1=" " ind2=" " tag="100"><subfield code="a">Savarenscki,E.F</subfield></datafield><datafield ind1=" " ind2=" " tag="245"><subfield code="a">Lucrarile institutului de geofizica al academiei de stiinte a urss.nr.25(152)</subfield></datafield><datafield ind1=" " ind2=" " tag="260"><subfield code="a">Bucuresti, Acad.Rpr, 1954. /P.Dif.</subfield></datafield><datafield ind1=" " ind2=" " tag="852"><subfield code="a">47800</subfield></datafield></record></collection>